%% This BibTeX bibliography file was created using BibDesk.
%% http://bibdesk.sourceforge.net/


%% Created for Sebastian Walter at 2014-07-04 09:59:23 +0200 


%% Saved with string encoding Unicode (UTF-8) 



@inproceedings{unger2013lemon,
	Author = {Unger, Christina and McCrae, John and Walter, Sebastian and Winter, Sara and Cimiano, Philipp},
	Booktitle = {Proceedings of 1st International Workshop on NLP and DBpedia, co-located with the 12th International Semantic Web Conference (ISWC 2013), October 21-25, Sydney, Australia},
	Title = {A lemon lexicon for DBpedia},
	Year = {2013}}

@misc{miller1998wordnet,
	Author = {Miller, George and Fellbaum, Christiane},
	Publisher = {MIT Press Cambridge},
	Title = {Wordnet: An electronic lexical database},
	Year = {1998}}

@incollection{lemon,
	Author = {McCrae, John and Spohr, Dennis and Cimiano, Philipp},
	Booktitle = {The Semantic Web: Research and Applications},
	Pages = {245--259},
	Publisher = {Springer},
	Title = {Linking lexical resources and ontologies on the semantic web with lemon},
	Year = {2011}}

@article{lexinfo,
	Author = {Cimiano, Philipp and Buitelaar, Paul and McCrae, John and Sintek, Michael},
	Journal = {Web Semantics: Science, Services and Agents on the World Wide Web},
	Number = {1},
	Pages = {29--51},
	Publisher = {Elsevier},
	Title = {{LexInfo}: A declarative model for the lexicon-ontology interface},
	Volume = {9},
	Year = {2011}}

@incollection{matolliswc,
year={2014},
isbn={978-3-319-11963-2},
booktitle={The Semantic Web – ISWC 2014},
volume={8796},
series={Lecture Notes in Computer Science},
doi={10.1007/978-3-319-11964-9_30},
title={M-ATOLL: A Framework for the Lexicalization of Ontologies in Multiple Languages},
url={http://dx.doi.org/10.1007/978-3-319-11964-9_30},
publisher={Springer International Publishing},
author={Walter, Sebastian and Unger, Christina and Cimiano, Philipp},
pages={472-486},
language={English}
}

@article{Walter2014148,
title = {ATOLL—A framework for the automatic induction of ontology lexica},
journal = {Data \& Knowledge Engineering},
volume = {94, Part B},
number = {0},
pages = {148 - 162},
year = {2014},
note = {Special issue following the 18th International Conference on Applications of Natural Language Processing to Information Systems (NLDB'13)},
issn = {0169-023X},
doi = {http://dx.doi.org/10.1016/j.datak.2014.09.003},
url = {http://www.sciencedirect.com/science/article/pii/S0169023X14000846},
author = {Sebastian Walter and Christina Unger and Philipp Cimiano},
keywords = {Ontology lexicalization},
keywords = {Knowledge bases},
keywords = {Ontologies},
keywords = {Natural language processing}
}

